@INPROCEEDINGS{6975351, 
author={S. Debois and T. Hildebrandt and T. Slaats and M. Marquard}, 
booktitle={Enterprise Distributed Object Computing Conference Workshops and Demonstrations (EDOCW), 2014 IEEE 18th International}, 
title={A Case for Declarative Process Modelling: Agile Development of a Grant Application System}, 
year={2014}, 
pages={126-133}, 
keywords={agile manufacturing;graph theory;graphs;process planning;Danish foundation;Exformatics A/S;agile development;declarative DCR graphs notation;declarative process modelling;grant application system;industrial project;Adaptation models;Business;Databases;Electronic countermeasures;Semantics;Standards;Unified modeling language;Adaptive Case Management;Case Study;Declarative workflow;Grant Management}, 
doi={10.1109/EDOCW.2014.27}, 
month={Sept},},
@article{Lamport:1978:TCO:359545.359563,
	author = {Lamport, Leslie},
	title = {Time, Clocks, and the Ordering of Events in a Distributed System},
	journal = {Commun. ACM},
	issue_date = {July 1978},
	volume = {21},
	number = {7},
	month = jul,
	year = {1978},
	issn = {0001-0782},
	pages = {558--565},
	numpages = {8},
	url = {http://doi.acm.org/10.1145/359545.359563},
	doi = {10.1145/359545.359563},
	acmid = {359563},
	publisher = {ACM},
	address = {New York, NY, USA},
	keywords = {clock synchronization, computer networks, distributed systems, multiprocess systems},
},
@incollection{debois2015concurrency,
	title={Concurrency and Asynchrony in Declarative Workflows},
	author={Debois, S{\o}ren and Hildebrandt, Thomas and Slaats, Tijs},
	booktitle={Business Process Management},
	pages={72--89},
	year={2015},
	publisher={Springer}
}